File /usr4/texers/phc/bib/doc.bib last modified on Sat Jun 18 06:31:40 1988.

%%%%%%%%%%%%%%%%%
% General Surveys
%%%%%%%%%%%%%%%%%

@ARTICLE{furuta:doc,
	AUTHOR = {Richard K. Furuta and Jeffrey Scofield and Alan Shaw},
	TITLE = {Document Formatting Systems: Survey, Concepts, and Issues},
	JOURNAL = CS,
	YEAR = {1982},
	VOLUME = {14},
	NUMBER = {3},
	PAGES = {417--472},
	MONTH = Sep
}

@ARTICLE{meyrowitz:edit,
	AUTHOR = {Norman Meyrowitz and Andries van Dam},
	TITLE = {Interactive Editing Systems: Parts {I} and {II}},
	JOURNAL = CS,
	YEAR = {1982},
	VOLUME = {14},
	NUMBER = {3},
	PAGES = {321--415},
	MONTH = Sep
}

@BOOK{kernighan:st,
	AUTHOR = {Brian W. Kernighan and P J. Plauger},
	TITLE = {Software Tools},
	PUBLISHER = AW,
	YEAR = {1976},
	ADDRESS = RM,
	NOTE = {Contains detailed explanations of the working
	        of a fine text editor}
}

@INPROCEEDINGS{reid:bib,
	AUTHOR = {Brian K. Reid and David Hanson},
	TITLE = {An Annotated Bibliography of Background Material on
	         Text Manipulation},
	BOOKTITLE = STM,
	YEAR = {1981},
	PAGES = {157--160},
	ADDRESS = PO,
	MONTH = {June 8--10},
	NOTE = STMN
}

@MASTERSTHESIS{perkins:mrp,
	AUTHOR = {Charles L. Perkins},
	TITLE = {The Multiple Representation Problem},
	SCHOOL = UC,
	YEAR = {1984},
	ADDRESS = BC,
	MONTH = {December}
}

@TECHREPORT{snadewall:ims,
	AUTHOR = {Erik Sandewall},
	TITLE = {Theory of Information Management Systems},
	INSTITUTION = {Department of Computer and Information Science, 
	               Link{\"o}ping University},
	YEAR = {1983},
	NUMBER = {LITH-IDA-R-83-03},
	ADDRESS = {Link{\"o}ping, Sweden},
	MONTH = Sep
}

@PROCEEDINGS{tpdm,
	TITLE = TPDM,
	YEAR = {1986},
	PUBLISHER = {Cambridge University Press},
	ORGANIZATION = {University of Nottingham},
	ADDRESS = {Nottingham, England},
	MONTH = {April 14--16}
}


%%%%%%%%%%%%%%%
% TeX Specifics	
%%%%%%%%%%%%%%%

@BOOK{knuth:tex,
	AUTHOR = "Donald E. Knuth",
	TITLE = "The {\TeX} Book",
	PUBLISHER = AW,
	YEAR = "1984",
	ADDRESS = RM,
	NOTE = {Reprinted as Vol. A of {\it Computers \& Typesetting\/}, 1986}
}

@BOOK{knuth:pgm,
	AUTHOR = "Donald E. Knuth",
	TITLE = "{\TeX}: The Program",
	PUBLISHER = AW,
	YEAR = "1986",
	VOLUME = {B},
	SERIES = {Computers \& Typesetting},
	ADDRESS = RM
}

@TECHREPORT{knuth:web,
	AUTHOR = {Donald E. Knuth},
	TITLE = {The {WEB} System for Structured Documentation, Version 2.3},
	INSTITUTION = SU,
	YEAR = {1983},
	NUMBER = {STAN-CS-83-980},
	ADDRESS = SC,
	MONTH = Sep
}

@ARTICLE{knuth:lp,
	AUTHOR = {Donald E. Knuth},
	TITLE = {Literate Programming},
	JOURNAL = {The Computer Journal},
	YEAR = {1984},
	VOLUME = {27},
	NUMBER = {2},
	PAGES = {97--111},
	MONTH = May
}

@TECHREPORT{knuth:tor,
	AUTHOR = {Donald E. Knuth},
	TITLE = {A Torture Test for {\TeX}, Version 1.3},
	INSTITUTION = SU,
	YEAR = {1984},
	NUMBER = {STAN-CS-84-1027},
	ADDRESS = SC,
	MONTH = Nov
}

@ARTICLE{furuta:pctex,
	AUTHOR = "Richard K. Furuta and Pierre A. MacKay",
	TITLE = "Two {\TeX} Implementations for the {IBM PC}",
	JOURNAL = "Dr. Dobb's Journal",
	YEAR = "1985",
	VOLUME = "10",
	NUMBER = "9",
	PAGES = "80--91",
	MONTH = Sep
}

@TECHREPORT{des:tex,
	AUTHOR = {Jacques D{\'e}sarm{\'e}nien},
	TITLE = {How to Run {\TeX} in French},
	INSTITUTION = SU,
	YEAR = {1984},
	NUMBER = {SATN-CS-1013},
	ADDRESS = SC,
	MONTH = Aug
}

@TECHREPORT{samuel:tex,
	AUTHOR = "Arthur L. Samuel",
	TITLE = "First Grade {\TeX}: A Beginner's {\TeX} Manual",
	INSTITUTION = SU,
	YEAR = "1983",
	NUMBER = "SATN-CS-83-985",
	ADDRESS = SC,
	MONTH = Nov
}

@BOOK{lamport:latex,
	AUTHOR = {Leslie Lamport},
	TITLE = {{\Lit}: A Document Preparation System. User's Guide and
		 Reference Manual},
	PUBLISHER = AW,
	YEAR = {1986},
	ADDRESS = RM
}

@BOOK{spivak:ams,
	AUTHOR = {Michael D. Spivak},
	TITLE = {The Joy of {\TeX}},
	PUBLISHER = {American Mathematical Society},
	YEAR = {1985}
}

@MANUAL{patashnik:bibtex,
	TITLE = "Bib{\TeX}ing",
	AUTHOR = "Oren Patashnik",
	ORGANIZATION = SU,
	ADDRESS = SC,
	MONTH = jan,
	YEAR = "1988",
	NOTE = {Available in the {\BibTeX} release}
}

@MANUAL{patashnik:bibhax,
	TITLE = {Designing {\BibTeX} Styles},
	AUTHOR = {Oren Patashnik},
	ORGANIZATION = SU,
	MONTH = jan,
	YEAR = {1988}
}

@ARTICLE{fuchs:dvi0,
	AUTHOR = "David Fuchs",
	TITLE = "The Format of {\TeX}'s {DVI} Files Version 1",
	JOURNAL = "TUGboat",
	YEAR = "1981",
	VOLUME = "2",
	NUMBER = "2",
	PAGES = "12--16",
	MONTH = Jul
}

@ARTICLE{fuchs:dvi,
	AUTHOR = "David Fuchs",
	TITLE = "Device Independent File Format",
	JOURNAL = "TUGboat",
	YEAR = "1982",
	VOLUME = "3",
	NUMBER = "2",
	PAGES = "14--19",
	MONTH = Oct
}


%%%%%%%%%%%%
% PDL
%%%%%%%%%%%%

@BOOK{adobe:ps,
	AUTHOR = {{Adobe Systems, Inc.}},
	TITLE = {PostScript Language Manual},
	PUBLISHER = AW,
	YEAR = {1985},
	ADDRESS = RM,
	NOTE = {ISBN 0-201-10174-2}
}

@BOOK{adobe:cook,
	AUTHOR = {{Adobe Systems, Inc.}},
	TITLE = {PostScript Language Manual: Tutorial and Cookbook},
	PUBLISHER = AW,
	YEAR = {1985},
	ADDRESS = RM,
	NOTE = {ISBN 0-201-10179-3}
}

@MANUAL{imagen:ddl,
	TITLE = {Document Description Language (Revision 1.1):
		 Reference Manual and Tutorial},
	ORGANIZATION = {Imagen Corporation},
	ADDRESS = {Santa Clara, California},
	MONTH = Nov,
	YEAR = {1986}
}

@INPROCEEDINGS{reid:pdl,
	AUTHOR = {Brian K. Reid},
	TITLE = {Procedural Page Description Languages},
	BOOKTITLE = TPDM,
	YEAR = {1986},
	PAGES = {214--223},
	ADDRESS = {University of Nottingham, England},
	MONTH = {April 14--16},
	NOTE = {Published by the Cambridge University Press.}
}

@INPROCEEDINGS{harris:pdl,
	AUTHOR = {David J. Harris},
	TITLE = {An Approach to the Design of a Page Description Language},
	BOOKTITLE = TPDM,
	YEAR = {1986},
	EDITOR = {J. C. van Vliet},
	PAGES = {58--64},
	ADDRESS = {University of Nottingham},
	MONTH = {April 14--16},
	NOTE = {Published by Cambridge University Press.}
}

@INPROCEEDINGS{borghi:sms,
	AUTHOR = {Bruno Borghi and St{\'e}phane Querel and Daniel de Rauglaudre},
	TITLE = {{SMSCRIPT}: An Interpretor for the {\PS} Language
		 Under {Unix}},
	BOOKTITLE = U86S,
	YEAR = {1986},
	PAGES = {284--293},
	ADDRESS = AG,
	MONTH = Jul
}

@CONFERENCE{reid:pi,
	AUTHOR = {Brian K. Reid},
	TITLE = {{\PS} and {\IP}},
	BOOKTITLE = DG,
	YEAR = {1986},
	ADDRESS = {Dallas, Texas},
	PAGES = {49--63},
	MONTH = {August 18--22},
	NOTE = {Originally appeared on ARPANET Laser-Lovers mailing list.}
}

@ARTICLE{bhushan:int,
	AUTHOR = {Abhay Bhushan and Michael Plass},
	TITLE = {The {Interpress} Page and Document Description Language},
	JOURNAL = C,
	YEAR = {1986},
	VOLUME = {19},
	NUMBER = {6},
	PAGES = {72--77},
	MONTH = Jun
}


%%%%%%%%%%%%%%%%%%%%%%%%%%%%%%%%%%%%
% String Searching/Pattern Matching
%%%%%%%%%%%%%%%%%%%%%%%%%%%%%%%%%%%%

@ARTICLE{knuth:pm,
	AUTHOR = {Donald E. Knuth and James H. Morris {Jr.} and Vaughan R. Pratt},
	TITLE = {Fast Pattern Matching in Strings},
	JOURNAL = {SIAM J. Computing},
	YEAR = {1977},
	VOLUME = {6},
	NUMBER = {2},
	PAGES = {323--350},
	MONTH = Jun
}

@ARTICLE{aho:esm,
	AUTHOR = {A. V. Aho and M. J. Corasick},
	TITLE = {Efficient String Matching: An Aid to Bibliographic Search},
	JOURNAL = CACM,
	YEAR = {1975},
	VOLUME = {18},
	NUMBER = {6},
	PAGES = {333--340},
	MONTH = Jun
}

@ARTICLE{boyer:fss,
	AUTHOR = {R. S. Boyer and J.S. Moore},
	TITLE = {A Fast String Searching Algorithm},
	JOURNAL = CACM,
	YEAR = {1977},
	VOLUME = {20},
	NUMBER = {10},
	PAGES = {762--772},
	MONTH = Oct
}

@ARTICLE{aoe:spm,
	AUTHOR = {J. Aoe and Y. Yamamoto and R. Shimada},
	TITLE = {A Method for Improving String Pattern Matching Machines},
	JOURNAL = TSE,
	YEAR = {1984},
	VOLUME = {10},
	NUMBER = {1},
	PAGES = {116-120},
	MONTH = Jan
}

@ARTICLE{ashdown:fgrep,
	AUTHOR = {Ian Ashdown},
	TITLE = {Parallel Pattern Matching and {Fgrep}},
	JOURNAL = DR,
	YEAR = {1985},
	VOLUME = {10},
	NUMBER = {9},
	PAGES = {46--67},
	MONTH = Sep
}


%%%%%%%%%%%%%%%%%%%%%%%%%%%%%%%%%%%%%%
% Hyphenation/Line Breaking/Pagenation
%%%%%%%%%%%%%%%%%%%%%%%%%%%%%%%%%%%%%%

@PHDTHESIS{liang:hyphen,
	AUTHOR = {Frank Mark Liang},
	TITLE = {Word Hyphenation by Computer},
	SCHOOL = SU,
	YEAR = {1983},
	ADDRESS = SC,
	MONTH = Jun,
	NOTE = {Available as technical report STAN-CS-83-977}
}

@ARTICLE{manas:wds,
	AUTHOR = {Jos{\'e} A. Ma{\~n}as},
	TITLE = {Word Division in Spanish},
	JOURNAL = CACM,
	YEAR = {1987},
	VOLUME = {30},
	NUMBER = {7},
	PAGES = {612--616},
	MONTH = Jul
}

@ARTICLE{knuth:break,
	AUTHOR = {Donald E. Knuth and Michael F. Plass},
	TITLE = {Breaking Paragraphs into Lines},
	JOURNAL = SPE,
	YEAR = {1982},
	VOLUME = {11},
	NUMBER = {11},
	PAGES = {1119-1184},
	MONTH = Nov
}

@INPROCEEDINGS{achugbue:break,
	AUTHOR = {James O. Achugbue},
	TITLE = {On the Line Breaking Problem in Text Formatting},
	BOOKTITLE = STM,
	YEAR = {1981},
	PAGES = {117-122},
	ADDRESS = PO,
	MONTH = {June 8--10},
	NOTE = STMN
}

@ARTICLE{samet:heu,
	AUTHOR = {Hanan Samet},
	TITLE = {Heuristics for the Line Division Problem in 
	         Computer Justified Text},
	JOURNAL = CACM,
	YEAR = {1982},
	VOLUME = {25},
	NUMBER = {8},
	PAGES = {564--571},
	MONTH = Aug
}

@PHDTHESIS{plass:page,
	AUTHOR = {Micahel F. Plass},
	TITLE = {Optimal Pagination Techniques for Automatic Typesetting Systems},
	SCHOOL = SU,
	YEAR = {1981},
	ADDRESS = PAC,
	MONTH = Jun
}


%%%%%%%%%%
% Scribe
%%%%%%%%%%

@PHDTHESIS{reid:phd,
	AUTHOR = {Brian K. Reid},
	TITLE = {Scribe: A document specification language and its compiler},
	SCHOOL = CMU,
	YEAR = {1980},
	MONTH = Oct,
	ADDRESS = PP,
	NOTE = {Available as technical report CMU-CS-81-100}
}

@CONFERENCE{reid:hla,
	AUTHOR = {Brian K. Reid},
	TITLE = {A High-Level Approach to Computer Document Formatting},
	BOOKTITLE = PPL7,
	YEAR = {1980},
	PAGES = {24--31},
	ADDRESS = {Las Vegas, Nevada},
	MONTH = Jan
}

@CONFERENCE{reid:abs,
	AUTHOR = {Brian K. Reid},
	TITLE = {The {Scribe} Document Specification Language and Its
	         Compiler},
	BOOKTITLE = {Abstracts of the Presented Papers, International 
	             Conference on Research and Trends in Document
		     Preparation Systems},
	YEAR = {1981},
	PAGES = {59--62},
	PUBLISHER = {Swiss Institute of Technology, Lausanne/Z{\"u}rich},
	ADDRESS = {Lusanne, Switzland},
	MONTH = Feb
}

@MANUAL{reid:man,
	TITLE = {Scribe Document Production System User Manual},
	ORGANIZATION = {Unilogic Ltd.},
	ADDRESS = PP,
	YEAR = {1984},
	MONTH = Apr
}

@INPROCEEDINGS{cherry:ca,
	AUTHOR = {Lorinda L. Cherry},
	TITLE = {Computer Aids for Writers},
	BOOKTITLE = STM,
	YEAR = {1981},
	PAGES = {61--67},
	ADDRESS = PO,
	MONTH = {June 8--10},
	NOTE = STMN
}

@INPROCEEDINGS{walker:doc,
	AUTHOR = {Janet H. Walker},
	TITLE = {The {Document Editor}: A Support Environment for Preparing
	         Technical Documents},
	BOOKTITLE = STM,
	YEAR = {1981},
	PAGES = {44--50},
	ADDRESS = PO,
	MONTH = {June 8--10},
	NOTE = STMN
}

@INPROCEEDINGS{allen:pen,
	AUTHOR = {Todd Allen and Robert Nix and Alan Perlis},
	TITLE = {{PEN}: A Hierarchical Document Editor},
	BOOKTITLE = STM,
	YEAR = {1981},
	PAGES = {74--81},
	ADDRESS = PO,
	MONTH = {June 8--10},
	NOTE = STMN
}

@INPROCEEDINGS{stromfors:sote,
	AUTHOR = {O. Str{\"o}mfors and L. Jonesj{\"o}},
	TITLE = {The Implementation and Experiences of a 
	         Structured-Oriented Text Editor},
	BOOKTITLE = STM,
	YEAR = {1981},
	PAGES = {22--27},
	ADDRESS = PO,
	MONTH = {June 8--10},
	NOTE = STMN
}

@INPROCEEDINGS{fraser:sde,
	AUTHOR = {Christopher W. Fraser},
	TITLE = {Syntax-Directed Editing of General Data Structures},
	BOOKTITLE = STM,
	YEAR = {1981},
	PAGES = {17--21},
	ADDRESS = PO,
	MONTH = {June 8--10},
	NOTE = STMN
}


%%%%%%%%%
% Emacs
%%%%%%%%%

@INPROCEEDINGS{stallman:emacs,
	AUTHOR = {Richard M. Stallman},
	TITLE = {{EMACS}: The Extensible, Customizable Self-Documenting
	         Display Editor},
	BOOKTITLE = STM,
	YEAR = {1981},
	PAGES = {147--156},
	ADDRESS = PO,
	MONTH = {June 8--10},
	NOTE = {A somewhat extended version appears in
                {\it Interactive Programming Environments\/}, 
                Barstow et al. (eds.), McGraw-Hill Book Company, 1984, 
		pp. 300--325.}
}

@MANUAL{stallman:gnu,
	TITLE = {{GNU Emacs} Manual, Fifth Edition, Version 18},
	AUTHOR = {Richard M. Stallman},
	ORGANIZATION = {Free Software Foundation},
	ADDRESS = CM,
	MONTH = Dec,
	YEAR = {1986}
}

@MANUAL{gosling:emacs,
	TITLE = {{UNIX Emacs}},
	AUTHOR = {James Gosling},
	ORGANIZATION = CMU,
	ADDRESS = PP,
	MONTH = Aug,
	YEAR = {1982}
}


%%%%%%%%%
% Janus
%%%%%%%%%

@INPROCEEDINGS{chamberlin:janus0,
	AUTHOR = {Donald D. Chamberlin and James C. King 
	          and Donald R. Sultz and Stephen J. P. Todd and 
		  Bradford W. Wade},
	TITLE = {{JANUS}: An Interactive System for Document Composition},
	BOOKTITLE = STM,
	YEAR = {1981},
	PAGES = {82--91},
	ADDRESS = PO,
	MONTH = {June 8--10},
	NOTE = STMN
}

@ARTICLE{chamberlin:janus,
	AUTHOR = {Donald D. Chamberlin and O. P. Bertrand and
		  Michael J. Goodfellow and James C. King and
		  Donald R. Sultz and Stephen J. P. Todd and
		  Bradford W. Wade},
	TITLE = {{JANUS}: An Interactive Document Formatter Based On
		 Declarative Tags},
	JOURNAL = IBMSJ,
	YEAR = {1982},
	VOLUME = {21},
	NUMBER = {3},
	PAGES = {250--271}
}

@ARTICLE{chamberlin:dc,
	AUTHOR = {Donald D. Chamberlin},
	TITLE = {Document Convergence in An Interactive Formatting System},
	JOURNAL = IBMRD,
	YEAR = {1987},
	VOLUME = {31},
	NUMBER = {1},
	PAGES = {58--72},
	MONTH = Jan
}

@MANUAL{ibm:janus1,
	TITLE = {Janus User's Guide, Release 2},
	ORGANIZATION = {IBM San Jose Research Laboratories},
	ADDRESS = {San Jose, California},
	MONTH = Dec,
	YEAR = {1983}
}

@MANUAL{ibm:janus2,
	TITLE = {Janus Installation and Style Definer's Guide, Release 2},
	ORGANIZATION = {IBM San Jose Research Laboratories},
	ADDRESS = {San Jose, California},
	MONTH = Dec,
	YEAR = {1983}
}


%%%%%%
% ODA
%%%%%%

@INPROCEEDINGS{,
	AUTHOR = {W. Appelt and G. Ritcher},
	TITLE = {The Formal Specification of the Structures of the ODA Stadard},
	BOOKTITLE = EP88,
	YEAR = {1988},
	ADDRESS = NF,
	MONTH = Apr
}

@ARTICLE{horak:oda,
	AUTHOR = {Wolfgang Horak},
	TITLE = {Office Document Architecture and Office Document Interchange
	         Formats: Current Status of International Standardization},
	JOURNAL = C,
	YEAR = {1985},
	VOLUME = {18},
	NUMBER = {10},
	PAGES = {50--60},
	MONTH = Oct
}

@INPROCEEDINGS{appelt:oda,
	AUTHOR = {W. Appelt and G. Ritcher},
	TITLE = {The Formal Specification of the Structures of the ODA Standard},
	BOOKTITLE = EP88,
	YEAR = {1988},
	ADDRESS = NF,
	MONTH = Apr
}

@INPROCEEDINGS{joloboff:dr,
	AUTHOR = {Vania Joloboff},
	TITLE = {Trends and Standards in Document Representation},
	BOOKTITLE = TPDM,
	YEAR = {1986},
	EDITOR = {J. C. van Vliet},
	PAGES = {107--124},
	ADDRESS = {University of Nottingham},
	MONTH = {April 14--16},
	NOTE = {Published by the Cambridge University Press.}
}

@TECHREPORT{ayers:is,
	AUTHOR = {Robert M. Ayers and J. T. Horning and Butler W. Lampson
		  and J. G. Mitchell},
	TITLE = {Interscript: A Proposal for a Standard for the Interachange
		 of Editable Documents},
	INSTITUTION = PARC,
	YEAR = {1984},
	ADDRESS = {Plao Alto, California}
}


%%%%%%%
% SGML
%%%%%%%

@INPROCEEDINGS{goldfarb:mk,
	AUTHOR = {Charles F. Goldfarb},
	TITLE = {A Generalized Approach to Document Markup},
	BOOKTITLE = STM,
	YEAR = {1981},
	PAGES = {68--73},
	ADDRESS = PO,
	MONTH = {June 8--10},
	NOTE = STMN
}

@MANUAL{goldfarb:gml,
	TITLE = {Document Composition Facility: 
	         Generalized Markup Language (GML) User's Guide},
	AUTHOR = {Charles F. Goldfarb},
	ORGANIZATION = {IBM General Products Division},
	YEAR = {1978},
	NOTE = {Publication SH20-9160-0}
}

@BOOK{goldfarb:sgml,
	EDITOR = {Charles F. Goldfarb},
	TITLE = {Information Processing --- Text and Office Systems ---
		 Standard Generalized Markup Language (SGML)},
	PUBLISHER = {International Organization for Standardization},
	YEAR = {1986},
	ADDRESS = {Geneva, Switzerland},
	NOTE = {International Standard ISO 8879}
}

@BOOK{goldfarb:sdif,
	EDITOR = {Charles F. Goldfarb},
	TITLE = {Information Processing --- SGML Support Facilities ---
		 SGML Document Interchange Format (SDIF)},
	PUBLISHER = {International Organization for Standardization},
	YEAR = {1986},
	ADDRESS = {Geneva, Switzerland},
	NOTE = {International Standard ISO/DIS 9069}
}


%%%%%%%%%%
% Script
%%%%%%%%%%

@MANUAL{ibm:script,
	TITLE = {IBM SCRIPT/370 Version 3 User's Guide},
	ORGANIZATION = {IBM Data Processing Division},
	ADDRESS = {White Plains, New York},
	YEAR = {1976},
	NOTE = {Publication SH20-1857-0}
}


%%%%%%%%%%%%
% Z Editor
%%%%%%%%%%%%

@INPROCEEDINGS{wood:z,
	AUTHOR = {Steven R. Wood},
	TITLE = {Z -- The 95\% Program editor},
	BOOKTITLE = STM,
	YEAR = {1981},
	PAGES = {1--7},
	ADDRESS = PO,
	MONTH = {June 8--10},
	NOTE = STMN
}


%%%%%%%%%%%%%%%%%%%%%%%
% Redisplay Algorithm
%%%%%%%%%%%%%%%%%%%%%%%

@INPROCEEDINGS{barach:pen,
	AUTHOR = {David R. Barach},
	TITLE = {Design of the {PEN} Video Editor Display Module},
	BOOKTITLE = STM,
	YEAR = {1981},
	PAGES = {130--136},
	ADDRESS = PO,
	MONTH = {June 8--10},
	NOTE = STMN
}

@INPROCEEDINGS{gosling:redisplay,
	AUTHOR = {James Gosling},
	TITLE = {A Redisplay Algorithm},
	BOOKTITLE = STM,
	YEAR = {1981},
	PAGES = {123--129},
	ADDRESS = PO,
	MONTH = {June 8--10},
	NOTE = STMN
}

@TECHREPORT{greenberg:redisplay,
	AUTHOR = {B. S. Greenberg},
	TITLE = {The {Multics} {Emacs} Redisplay Algorithm},
	INSTITUTION = {Honeywell Inc.},
	YEAR = {1979}
}


%%%%%%%%%
% Etude
%%%%%%%%%

@INPROCEEDINGS{hammer:etude,
	AUTHOR = "Michael Hammer and Richard Ilson and Tim Anderson
	          and Edward J. Gilbert and Michael D. Good and Bahram Niamir
		  and Larry Rosentein and Sandor Schoichet",
	TITLE = "The Implementation of {Etude}, An Integrated and 
	         Interactive Document Production System",
	BOOKTITLE = STM,
	YEAR = "1981",
	PAGES = "137--146",
	ADDRESS = PO,
	MONTH = "June 8-10",
	NOTE = STMN
}

@MASTERSTHESIS{ilson:etude,
	AUTHOR = {Richard Ilson},
	TITLE = {An Integrated Approach To Formatted Document Production},
	SCHOOL = MITCS,
	YEAR = {1980},
	ADDRESS = CM,
	NOTE = {Available as technical report MIT/CSL/TR-253}
}


%%%%%%%%%%%%%%%%%%%%%%%%%%%%%%%%%%
% Troff and Pre- Post-processors
%%%%%%%%%%%%%%%%%%%%%%%%%%%%%%%%%%

@ARTICLE{kernighan:doc,
	AUTHOR = {Brian W. Kernighan and Michael E. Lesk and Joseph F. Ossanna},
	TITLE = {Document preparation},
	JOURNAL = BSTJ,
	YEAR = {1978},
	VOLUME = {57},
	NUMBER = {6},
	PAGES = {2115--2135},
	MONTH = {July--August}
}

@TECHREPORT{ossanna:nroff,
	AUTHOR = {Joseph F. Ossanna},
	TITLE = {Nroff/Troff User's Manual},
	INSTITUTION = ATT,
	YEAR = {1976},
	TYPE = {Computer Science Technical Report},
	NUMBER = {No. 54},
	ADDRESS = MHNJ,
	MONTH = {October},
	NOTE = {Also available in UNIX User's Manual}
}

@MANUAL{kernighan:troff,
	TITLE = {A Troff Tutorial},
	AUTHOR = {Brian W. Kernighan},
	ORGANIZATION = ATT,
	ADDRESS = MHNJ,
	MONTH = {August},
	YEAR = {1978},
	NOTE = {Available in UNIX User's Manual}
}

@TECHREPORT{macdonald:wwb,
	AUTHOR = {N. H. Macdonald and L.T. Rase and S. A. Keenan},
	TITLE = {Writer's Workbench: Computer programs for text editing
	         and assessment},
	INSTITUTION = ATT,
	TYPE = {Computer Science Technical Report},
	ADDRESS = MHNJ,
	YEAR = {1980}
}

@TECHREPORT{lesk:inv,
	AUTHOR = {Michael E. Lesk},
	TITLE = {Some Applications of Inverted Indexes on the {UNIX} System},
	INSTITUTION = ATT,
	YEAR = {1978},
	TYPE = {Computer Science Technical Report},
	NUMBER = {69},
	ADDRESS = MHNJ,
	MONTH = {June},
	NOTE = {Also available in UNIX User's Manual}
}

@MANUAL{tuthill:refer,
	TITLE = {Refer --- A Bibliography System},
	AUTHOR = {Bill Tuthill},
	ORGANIZATION = {Computing Services, University of California},
	ADDRESS = BC,
	MONTH = {July},
	YEAR = {1983},
	NOTE = {Available in UNIX User's Manual}
}

@MANUAL{cherry:style,
	TITLE = {Writing Tools -- The STYLE and DICTION Programs},
	AUTHOR = {Lorinda L. Cherry and W. Vesterman},
	ORGANIZATION = ATT,
	ADDRESS = MHNJ,
	MONTH = {November},
	YEAR = {1980},
	NOTE = {Available in UNIX User's Manual}
}

@TECHREPORT{lesk:tbl,
	AUTHOR = {Michael E. Lesk},
	TITLE = {Tbl---A Program to Format Tables},
	INSTITUTION = ATT,
	YEAR = {1976},
	TYPE = {Computer Science Techincal Report},
	NUMBER = {49},
	ADDRESS = MHNJ,
	MONTH = Sep,
	NOTE = {Also available in UNIX User's Manual}
}

@TECHREPORT{lesk:ms,
	AUTHOR = {Michael E. Lesk},
	TITLE = {Typesetting Documents on the UNIX System: Using the -ms Macros
	         with Troff and Nroff},
	INSTITUTION = ATT,
	YEAR = {1978},
	TYPE = {Computer Science Internal Memo},
	ADDRESS = MHNJ,
	MONTH = {November},
	NOTE = {Also available in UNIX User's Manual}
}

@MANUAL{allman:me1,
	TITLE = {Writing Papers with Nroff Using -me},
	AUTHOR = {Eric P. Allman},
	ORGANIZATION = {Electronic Research Laboratory, University of
	                California},
	ADDRESS = BC,
	NOTE = {Available in UNIX User's Manual}
}

@MANUAL{allman:me2,
	TITLE = {-ME Reference Manual},
	AUTHOR = {Eric P. Allman},
	ORGANIZATION = {Electronic Research Laboratory, University of
	                California},
	ADDRESS = BC,
	NOTE = {Available in UNIX User's Manual}
}

@TECHREPORT{kernighan:ditroff,
	AUTHOR = {Brian W. Kernighan},
	TITLE = {A Typesetter-Independent {TROFF}},
	INSTITUTION = ATT,
	YEAR = {1982},
	TYPE = {Computer Science Technical Report},
	NUMBER = {No. 97},
	ADDRESS = MHNJ,
	MONTH = {March}
}

@ARTICLE{gehani:unixdoc,
	AUTHOR = {Narian Gehani},
	TITLE = {{Unix} Document Formatting and Typesetting},
	JOURNAL = S,
	YEAR = {1986},
	VOLUME = {3},
	NUMBER = {5},
	PAGES = {15--24},
	MONTH = Sep
}

@ARTICLE{kernighan:eqn1,
	AUTHOR = {Brian W. Kernighan and Lorinda L. Cherry},
	TITLE = {A System for typesetting Mathematics},
	JOURNAL = CACM,
	YEAR = {1975},
	VOLUME = {18},
	NUMBER = {3},
	PAGES = {151--157},
	MONTH = {March},
	NOTE = {Also available as Computer Science Technical Report No. 17,}
		#ATT#MHNJ
}

@MANUAL{kernighan:eqn2,
	TITLE = {Typesetting Mathematics --- User's Guide (Second Edition)},
	AUTHOR = {Brian W. Kernighan and Lorinda L. Cherry},
	ORGANIZATION = ATT,
	ADDRESS = MHNJ,
	MONTH = {August},
	YEAR = {1978},
	NOTE = {Available in UNIX User's Manual}
}

@ARTICLE{bentley:index,
	AUTHOR = {Jon J. Bentley and Brian W. Kernighan},
	TITLE = {Tools for Printing Indexes},
	JOURNAL = EP,
	YEAR = {1988},
	VOLUME = {1},
	NUMBER = {1},
	MONTH = Jun,
	NOTE = {Also available as Computer Science Technical Report No. 128,}
		#ATT#MHNJ#{, October 1986.}
}

@TECHREPORT{bentley:chem,
	AUTHOR = {Jon J. Bentley and L. W. Jelinski and Brian W. Kernighan},
	TITLE = {{CHEM}: A Program for Phototypesetting Chemical
		 Structure Diagrams},
	INSTITUTION = ATT,
	YEAR = {1986},
	TYPE = {Computer Sciecne Technical Report},
	NUMBER = {No. 122},
	ADDRESS = MHNJ
}

@TECHREPORT{aho:awk,
	AUTHOR = {Alfred V. Aho and Brian W. Kernighan and Peter J. Weinberger},
	TITLE = {AWK: A Pattern Scanning and Processing Language (User's Manual)},
	INSTITUTION = ATT,
	YEAR = {1985},
	TYPE = {Computer Science Technical Report},
	NUMBER = {No. 118},
	ADDRESS = MHNJ,
	MONTH = Jun
}

@BOOK{aho:awkb,
	AUTHOR = {Alfred V. Aho and Brian W. Kernighan and Peter J. Weinberger},
	TITLE = {The {AWK} Programming Language},
	PUBLISHER = AW,
	YEAR = {1988},
	ADDRESS = RM
}

@TECHREPORT{mcmahon:sed,
	AUTHOR = {Lee E. McMahon},
	TITLE = {SED -- A Non-interactive Text Editor},
	INSTITUTION = ATT,
	YEAR = {1978},
	TYPE = {Computer Science Technical Report},
	NUMBER = {No. 77},
	ADDRESS = MHNJ,
	MONTH = Aug,
	NOTE = {Also available in UNIX User's Manual}
}

@MANUAL{joy:vi,
	TITLE = {An Introduction to Display Editing with Vi},
	AUTHOR = {William Joy},
	YEAR = {1980},
	NOTE = {Appears in UNIX User's Manual}
}

%%%%%%%%%
% Bravo
%%%%%%%%%

@MANUAL{lampson:bravo,
	TITLE = {Bravo Manual},
	AUTHOR = {Butler W. Lampson},
	ORGANIZATION = PARC,
	ADDRESS = {Palo Alto, California},
	YEAR = {1978},
	NOTE = {Appears in {\it Alto User's Handbook\/}, Butler W. Lampson
	        and Edward A. Taft (eds.)}
}


%%%%%%%%
% Mint
%%%%%%%%

@MANUAL{hibbard:mint,
	TITLE = {User Manual for {MINT}: The {Spice} Document Preparation
	         System, Version 2a(21)},
	AUTHOR = {Peter Hibbard},
	ORGANIZATION = {Spice Project, Computer Science Department,
	                Carnegie-Mellon University},
	ADDRESS = PP,
	MONTH = Apr,
	YEAR = {1983}
}


%%%%%%%%%%%%%%
% Xerox Star
%%%%%%%%%%%%%%

@MANUAL{xerox:star,
	TITLE = {8010 STAR Information System Reference Library, Release 4.2},
	ORGANIZATION = {Xerox Office Systems},
	ADDRESS = {El Segundo, California},
	YEAR = {1984}
}


%%%%%%%%%%%%%%%%%%
% ETH Andra/Lara
%%%%%%%%%%%%%%%%%%

@ARTICLE{gutknecht:lara,
	AUTHOR = "J. Gutknecht",
	TITLE = "Concepts of the Text Editor {Lara}",
	JOURNAL = CACM,
	YEAR = "1985",
	VOLUME = "28",
	NUMBER = "9",
	PAGES = "942--960",
	MONTH = Sep
}

@ARTICLE{gutknecht:andra,
	AUTHOR = "J. Gutknecht and W. Winiger",
	TITLE = "{Andra}: The document preparation system for the personal
	         workstation {Lilith}",
	JOURNAL = SPE,
	YEAR = "1984",
	VOLUME = "14",
	NUMBER = "1",
	PAGES = "73--100",
	MONTH = Jan
}


%%%%%%%%%%%%%%%%%%%%%
% Document Browsing
%%%%%%%%%%%%%%%%%%%%%

@ARTICLE{feiner:doc,
	AUTHOR = {Steven Feiner and Sandor Nagy and Andries van Dam},
	TITLE = {An Integrated System for Creating and Presenting
	         Complex Computer-Based Documents},
	JOURNAL = CG,
	YEAR = {1981},
	VOLUME = {15},
	NUMBER = {3},
	PAGES = {181--189},
	MONTH = Aug
}

@ARTICLE{witten:view,
	AUTHOR = {Ian H. Witten and Bob Bramwell},
	TITLE = {A System for Interactive Viewing of Structured Documents},
	JOURNAL = CACM,
	YEAR = {1985},
	VOLUME = {28},
	NUMBER = {3},
	PAGES = {280--288},
	MONTH = Mar
}


%%%%%%%%%%%%
% Etherphone
%%%%%%%%%%%%

@INPROCEEDINGS{stewart:etherphone,
	AUTHOR = {L. Stewart and D. Swinehart and S. Ornstein},
	TITLE = {Adding Voice to an Office Computer Network},
	BOOKTITLE = {Proc. of GlobeCom'83, IEEE Communications Society Conference},
	YEAR = {1983},
	MONTH = Nov
}


%%%%%%%%%%
% Andrew
%%%%%%%%%%

@MANUAL{itc:andrew,
	TITLE = {User's Manual for Release 1 of the Andrew System},
	ORGANIZATION = {Information Technology Institute (ITC),
	                Carnegie-Mellon University},
	ADDRESS = PP,
	YEAR = {1985},
	NOTE = {Document preparation is an integral part of the
	        ITC Andrew window manager.  Copyright (C) IBM Corporation}
}


%%%%%%%%%%%%%
% Frame Maker
%%%%%%%%%%%%%

@MANUAL{frame:1.0,
	TITLE = {Frame Maker Reference Manual, Version 1.0},
	ORGANIZATION = {Frame Technology Corporation},
	ADDRESS = {San Jose, California},
	MONTH = Feb,
	YEAR = {1987}
}

%%%%%%%%%%%%%
% Interleaf
%%%%%%%%%%%%%

@MANUAL{interleaf:ips,
	TITLE = {Interleaf Publishing Systems Reference Manual, Release 2.0,
	         Vol. 1: Editing and Vol. 2: Management},
	ORGANIZATION = {{Interleaf, Inc.}},
	ADDRESS = CM,
	MONTH = {June},
	YEAR = {1985}
}

@MANUAL{ms:word,
	TITLE = {Reference to Microsoft Word, Word Processing Program for the
		 Apple Macintosh, Version 3.0},
	ORGANIZATION = {Microsoft Corporation},
	ADDRESS = {Seattle, Washington},
	YEAR = {1987},
	MONTH = Jan
}

@TECHREPORT{tesler:pub,
	AUTHOR = {Lawrence G. Tesler},
	TITLE = {PUB: The Document Compiler},
	INSTITUTION = {Stanford Artificial Intelligence Project,
	               Stanford University},
	YEAR = {1972},
	TYPE = {Operating Note},
	NUMBER = {70},
	ADDRESS = SC,
	MONTH = Sep
}

@INPROCEEDINGS{beatty:trix,
	AUTHOR = {John C. Beatty and J. S. Chin and H. F. Moll},
	TITLE = {An Interactive Documentation System},
	BOOKTITLE = {Proceedings of {ACM SIGGRAPH'79}},
	YEAR = {1979},
	PAGES = {71--82},
	MONTH = {August},
	NOTE = {Available in {\it Computer Graphics\/} 13(2)}
}

@MISC{saltzer:runoff,
	AUTHOR = {Jerome H. Saltzer},
	TITLE = {Manuscript Typing and Editing: {TYPSET} and {RUNOFF}},
	HOWPUBLISHED = {As Section AH.9.01 of
	                {\it The Compatible Time-Sharing System: A
	                Programmer's Guide\/}, 2nd Edition, P. A. Crisman 
			(Ed.), The MIT Press, Cambridge, Massachusetts},
	YEAR = {1965}
}

@ARTICLE{berns:format,
	AUTHOR = {G. M. Burns},
	TITLE = {{FORMAT}, a Text-Processing Program},
	JOURNAL = CACM,
	YEAR = {1969},
	VOLUME = {12},
	NUMBER = {3},
	PAGES = {141--146},
	MONTH = Mar
}

@TECHREPORT{ehrman:format,
	AUTHOR = {J. R. Ehrman and G. M. Burns},
	TITLE = {{FORMAT}, a Text-Processing Program},
	INSTITUTION = {Stanford Linear Accelerator Center},
	YEAR = {1971},
	TYPE = {SLAC Report},
	NUMBER = {135},
	ADDRESS = SC,
	MONTH = {July}
}


%%%%%%%%%%%%%%%%
% Multilingual
%%%%%%%%%%%%%%%%

@ARTICLE{becker:ml,
	AUTHOR = {Joseph D. Becker},
	TITLE = {Multilingual Word Processing},
	JOURNAL = SA,
	YEAR = {1984},
	VOLUME = {251},
	NUMBER = {1},
	PAGES = {96--107},
	MONTH = Jul
}

@ARTICLE{becker:cjk,
	AUTHOR = {Joseph D. Becker},
	TITLE = {Typing {Chinese}, {Japanese}, and {Korean}},
	JOURNAL = C,
	YEAR = {1985},
	VOLUME = {18},
	NUMBER = {1},
	PAGES = {27--34},
	MONTH = Jan
}


@ARTICLE{becker:awp,
	AUTHOR = {Joseph D. Becker},
	TITLE = {Arabic Word Processing},
	JOURNAL = CACM,
	YEAR = {1987},
	VOLUME = {30},
	NUMBER = {7},
	PAGES = {600--610},
	MONTH = Jul
}

@TECHREPORT{phc:tm,
	AUTHOR = {Pehong Chen},
	TITLE = {{GNU Emacs} {\TM}},
	INSTITUTION = UC,
	YEAR = {1986},
	NUMBER = {87/316},
	ADDRESS = BC,
	MONTH = Oct
}

@TECHREPORT{phc:bm,
	AUTHOR = {Pehong Chen},
	TITLE = {{GNU Emacs} {\BM}},
	INSTITUTION = UC,
	YEAR = {1986},
	NUMBER = {87/317},
	ADDRESS = BC,
	MONTH = Oct
}

@TECHREPORT{coker:ups,
	AUTHOR = {John L. Coker},
	TITLE = {{UPS}: A UNIX PostScript Interpreter},
	INSTITUTION = UC,
	TYPE = {{\VorTeX} internal report},
	YEAR = {1987},
	ADDRESS = BC,
	MONTH = Sep
}

@TECHREPORT{jwm:dvi,
	AUTHOR = {Jeffrey W. McCarrell},
	TITLE = {An Overview of DVITOOL, A {\TeX} DVI Previewer under the
		 SunView Window System},
	INSTITUTION = UC,
	TYPE = {{\VorTeX} internal report},
	YEAR = {1986},
	ADDRESS = BC,
	MONTH = Dec
}

@TECHREPORT{procter:dvi,
	AUTHOR = {Steven J. Procter},
	TITLE = {Documentation on DVI2X, A {\TeX} DVI Previewer under the X
		 Window System},
	INSTITUTION = UC,
	TYPE = {{\VorTeX} internal report},
	YEAR = {1987},
	ADDRESS = BC,
	MONTH = Mar
}

@CONFERENCE{phc:vortex,
	AUTHOR = {Pehong Chen and John L. Coker and Michael A. Harrison and
		  Jeffrey W. McCarrell and Steven J. Procter},
	TITLE = {The {\VorTeX} document preparation environment},
	BOOKTITLE = ET2,
	PAGES = {32--24},
	YEAR = {1986},
	ADDRESS = SF,
	MONTH = {June 19--21},
	NOTE = ET2N
}

@CONFERENCE{phc:tex,
	AUTHOR = {Pehong Chen and  Michael A. Harrison and John L. Coker and
		  Jeffrey W. McCarrell and Steven J. Procter},
	TITLE = {An Improved user Environment for {\TeX}},
	BOOKTITLE = ET2,
	YEAR = {1986},
	PAGES = {45--54},
	ADDRESS = SF,
	MONTH = {June 19--21},
	NOTE = ET2N
}

@CONFERENCE{keller:author,
	AUTHOR = {Arthor M. Keller},
	TITLE = {Typesetting by Authors},
	BOOKTITLE = ET1,
	YEAR = {1985},
	EDITOR = {Dario Lucarella},
	PAGES = {1--14},
	ADDRESS = COI,
	MONTH = {May 16--17}
}

@CONFERENCE{andre:imath,
	AUTHOR = {Jacques Andr{\'e} and Yann Grundt and Vincent Quint},
	TITLE = {Towards an Interactive Math Mode in {\TeX}},
	BOOKTITLE = ET1,
	YEAR = {1985},
	PAGES = {79--92},
	ADDRESS = COI,
	MONTH = {May 16--17}
}

@CONFERENCE{lucarella:dict,
	AUTHOR = {Dario Lucarella},
	TITLE = {{\TeX} Formulae Dictionary},
	BOOKTITLE = ET1,
	YEAR = {1985},
	PAGES = {93--103},
	ADDRESS = COI,
	MONTH = {May 16--17}
}

@CONFERENCE{utting:dvi,
	AUTHOR = {Ian Utting},
	TITLE = {The Role of Device Independent Output},
	BOOKTITLE = ET1,
	YEAR = {1985},
	PAGES = {183--189},
	ADDRESS = COI,
	MONTH = {May 16--17}
}

%%%%%%%%
% Quill
%%%%%%%%

@INPROCEEDINGS{chamberlin:quill,
	AUTHOR = {Donald D. Chamberlin and Helmut F. Hasselmeier
		  and Allen W. Luniewski and Dieter P. Paris and
		  Bradford W. Wade and Mitch L. Zolliker},
	TITLE = {Quill: An Extensible System for Editing Documents of Mixed Type},
	BOOKTITLE = {Proc. of the 21st Hawaii International Conference on
		     System Sciences},
	YEAR = {1988},
	PAGES = {317--326},
	ADDRESS = {Kailua-Kona, Hawaii},
	MONTH = {Jan 5--8},
	NOTE = {Also available as Technical Report RJ 5775 (58114), IBM
		Almaden Research Center, San Jose, California, Aug. 1987}
}

@INPROCEEDINGS{chamberlin:style,
	AUTHOR = {Donald D. Chamberlin and Helmut F. Hasselmeier
		  and Dieter P. Paris},
	TITLE = {Defining Document Styles for {WYSIWYG} Processing},
	BOOKTITLE = EP88,
	YEAR = {1988},
	ADDRESS = NF,
	MONTH = Apr,
	NOTE = {Also available as Technical Report RJ 5812 (58542), IBM
		Almaden Research Center, San Jose, California, Aug. 1987}
}

@INPROCEEDINGS{luniewski:ibpm,
	AUTHOR = {Allen W. Luniewski},
	TITLE = {Intent-based Page Modeling Using Blocks in the {Quill}
		 Document Editor},
	BOOKTITLE = EP88,
	YEAR = {1988},
	ADDRESS = NF,
	MONTH = Apr,
	NOTE = {Also available as Technical Report RJ 5811 (58541), IBM
		Almaden Research Center, San Jose, California, Aug. 1987}
}

@INPROCEEDINGS{arnon:caminoreal,
	AUTHOR = {Dennis Arnon and Richard Beach and Kevin Meisaac and
		  Carl Waldspurger},
	TITLE = {{CaminoReal}: An Interactive Mathematical Notebook},
	BOOKTITLE = EP88,
	YEAR = {1988},
	ADDRESS = NF,
	MONTH = Apr
}

@ARTICLE{gourlay:music,
	AUTHOR = {John S. Gourlay},
	TITLE = {A Language for Music Printing},
	JOURNAL = CACM,
	YEAR = {1986},
	VOLUME = {29},
	NUMBER = {5},
	PAGES = {388--401},
	MONTH = May
}

@INPROCEEDINGS{hegazy:lbm,
	AUTHOR = {W. Hegazy and J. Gourlay},
	TITLE = {Optimal Line Breaking in Music},
	BOOKTITLE = EP88,
	YEAR = {1988},
	ADDRESS = NF,
	MONTH = Apr
}

@ARTICLE{kimura:se,
	AUTHOR = {Gary D. Kimura},
	TITLE = {A Structure Editor for Abstract Document Objects},
	JOURNAL = TSE,
	YEAR = {1986},
	VOLUME = {SE-12},
	NUMBER = {3},
	PAGES = {417--435},
	MONTH = Mar
}

@MISC{beach:index,
	AUTHOR = {Richard J. Beach},
	NOTE = {Personal communication}
}

@INPROCEEDINGS{brown:tp,
	AUTHOR = {Heather Brownx},
	TITLE = {From Text Formatter to Printer},
	BOOKTITLE = PROI,
	YEAR = {1984},
	EDITOR = {J. J. H. Miller},
	PAGES = {98--107},
	ADDRESS = {Dublin, Ireland},
	MONTH = {Oct. 24--26}
}

@INPROCEEDINGS{gosling:tk,
	AUTHOR = {James Gosling},
	TITLE = {An Editor-Based User Interface Toolkit},
	BOOKTITLE = PROI,
	YEAR = {1984},
	EDITOR = {J. J. H. Miller},
	PAGES = {126--132},
	ADDRESS = {Dublin, Ireland},
	MONTH = {Oct. 24--26}
}

@INPROCEEDINGS{brailsford:ia,
	AUTHOR = {David F. Brailsford},
	TITLE = {Interaction vs. Abstraction in the Preparation of
		 High-Quality Text and Graphics},
	BOOKTITLE = PROI,
	YEAR = {1984},
	EDITOR = {J. J. H. Miller},
	PAGES = {94--97},
	ADDRESS = {Dublin, Ireland},
	MONTH = {Oct. 24--26}
}

@INPROCEEDINGS{kernighan:uddt,
	AUTHOR = {Brian W. Kernighan},
	TITLE = {The {UNIX} Document Preparation Tools -- A Retrospective},
	BOOKTITLE = PROI,
	YEAR = {1984},
	PAGES = {12--25},
	ADDRESS = {Dublin, Ireland},
	MONTH = {Oct. 24--26}
}

@INPROCEEDINGS{witten:dd,
	AUTHOR = {Ian H. Witten},
	TITLE = {Dynamic Documents},
	BOOKTITLE = PROI,
	YEAR = {1984},
	EDITOR = {J. J. H. Miller},
	PAGES = {234--239},
	ADDRESS = {Dublin, Ireland},
	MONTH = {Oct. 24--26}
}

@INPROCEEDINGS{wieselman:printer,
	AUTHOR = {Irving L. Wieselman},
	TITLE = {The Role of Computer Printers in Text Processing},
	BOOKTITLE = PROI,
	YEAR = {1984},
	EDITOR = {J. J. H. Miller},
	PAGES = {69--83},
	ADDRESS = {Dublin, Ireland},
	MONTH = {Oct. 24--26}
}

@MANUAL{seybold,
	TITLE = {The Seybold Report on Publishing Systems},
	ORGANIZATION = {Seybold Publications Inc.},
	ADDRESS = {Media, Pennsylvania},
	NOTE = {Published 22 times a year.}
}

@ARTICLE{jurgen:dp,
	AUTHOR = {Ronald K. Jurgen},
	TITLE = {Desktop Publishing: What It Can and Cannot Do},
	JOURNAL = {IEEE Spectrum},
	YEAR = {1987},
	VOLUME = {24},
	NUMBER = {3},
	PAGES = {50--52},
	MONTH = Mar
}

@TECHREPORT{phc:aip,
	AUTHOR = {Pehong Chen and Michael A. Harrison},
	TITLE = {Automating Index Preparation},
	INSTITUTION = UC,
	YEAR = {1987},
	NUMBER = {87/347},
	ADDRESS = BC,
	MONTH = Mar
}

@ARTICLE{phc:ipp,
	AUTHOR = {Pehong Chen and Michael A. Harrison},
	TITLE = {Index Preparation and Processing},
	JOURNAL = SPE,
	YEAR = {1988},
	NOTE = {To appear}
}

@TECHREPORT{phc:int,
	AUTHOR = {Pehong Chen and Michael A. Harrison},
	TITLE = {Integrating Noninteractive Document Processors
		 into an Interactive Environment},
	INSTITUTION = UC,
	YEAR = {1987},
	NUMBER = {87/349},
	ADDRESS = BC,
	MONTH = Apr,
	NOTE = {Submitted for publication}
}

@TECHREPORT{phc:mr,
	AUTHOR = {Pehong Chen and Michael A. Harrison},
	TITLE = {Multiple Representation Document Development},
	INSTITUTION = UC,
	YEAR = {1987},
	NUMBER = {87/367},
	ADDRESS = BC,
	MONTH = Jul
}

@PHDTHESIS{phc:phd,
	AUTHOR = {Pehong Chen},
	TITLE = {A Multiple Representation Paradigm for Document Development},
	SCHOOL = UC,
	YEAR = {1988},
	ADDRESS = BC
}

@MISC{harrison:ibm,
	AUTHOR = {Michael A. Harrison},
	TITLE = {{\VorTeX}: An Integrated Multiple Representation System for
		Electronic Publishing},
	HOWPUBLISHED = {Presented at thet IBM 11th University Study Conference
			(with video tape)},
	MONTH = {May 16--19},
	YEAR = {1987}
}

@INPROCEEDINGS{harrison:stat,
	AUTHOR = {Michael A. Harrison},
	TITLE = {{\VorTeX}: A Multiple Representation System},
	BOOKTITLE = {Proc. of the 1987 Joint Statistical Meetings},
	YEAR = {1987},
	ORGANIZATION = {American Statistical Society, Biometric Society, and
			Institute of Mathematical Statistics},
	ADDRESS = {San Francisco, California},
	MONTH = Sep,
	NOTE = {Invited paper}
}

@BOOK{brandin:war,
	AUTHOR = {David H. Brandin and Michael A. Harrison},
	TITLE = {The Technology War},
	PUBLISHER = {John Wiley and Sons, Inc.},
	ADDRESS = {New York, New York},
	YEAR = {1987}
}

@INPROCEEDINGS{furuta:sdt,
	AUTHOR = {Richard K. Furuta and D. Stotts},
	TITLE = {Specifying Structured Document Transformations},
	BOOKTITLE = EP88,
	YEAR = {1988},
	ADDRESS = NF,
	MONTH = Apr
}

@PHDTHESIS{furuta:phd,
	AUTHOR = {Richard K. Furuta},
	TITLE = {An Integrated, but not Exact-Representation, Editor/Formatter},
	SCHOOL = UW,
	YEAR = {1986},
	ADDRESS = SW,
	MONTH = Sep,
	NOTE = {Published as Technical Report No. 86-09-08.}
}

@PHDTHESIS{furuta:long,
	AUTHOR = {Richard K. Furuta},
	TITLE = {An Integrated, but not Exact-Representation, Editor/Formatter},
	SCHOOL = UW,
	YEAR = {1986},
	ADDRESS = SW,
	MONTH = Sep,
	NOTE = {Published as Technical Report No. 86-09-08.
		A condensed version appears in {\it Proc. of International
		Conference on Text Processing and Document Manipulation\/}
		(Cambridge University Press),
		University of Nottingham, England, April 1986, pp. 246--259.}
}

@PHDTHESIS{brooks:phd,
	AUTHOR = {Kenneth P. Brooks},
	TITLE = {A Two View Document Editor with User-Definable Document Structure},
	SCHOOL = SU,
	YEAR = {in preparation},
	ADDRESS = SC
}

@MANUAL{pm,
	TITLE = {PageMaker User Manual and Reference Manual, Version 2.0},
	ORGANIZATION = {Aldus Corporation},
	ADDRESS = {Seattle, Washington},
	MONTH = Mar,
	YEAR = {1987}
}

@MANUAL{rst,
	TITLE = {Ready,Set,Go! User Manual},
	ORGANIZATION = {Manhattan Graphics Corporation},
	ADDRESS = {Valhalla, New York},
	MONTH = Nov,
	YEAR = {1986}
}

@MANUAL{macwrite,
	TITLE = {MacWrite Manual},
	ORGANIZATION = {Apple Computers, Inc.},
	ADDRESS = {Cupertino, California},
	YEAR = {1984}
}

@MANUAL{apple:mac,
	TITLE = {Inside the Macintosh, Volume I -- III},
	AUTHOR = {{Apple Computers, Inc.}},
	ORGANIZATION = AW,
	ADDRESS = RM,
	YEAR = {1984}
}

@ARTICLE{hoenig:win,
	AUTHOR = {Alan Hoenig},
	TITLE = {{\TeX} Does Windows --- The Conclusion},
	JOURNAL = {TUGboat},
	YEAR = {1987},
	VOLUME = {8},
	NUMBER = {2},
	PAGES= {211--215},
	MONTH = Jul
}

@ARTICLE{aurbach:idxtex,
	AUTHOR = {Richard L Aurbach},
	TITLE = {Automated Index Generation for {\LaTeX}},
	JOURNAL = {TUGboat},
	YEAR = {1987},
	VOLUME = {8},
	NUMBER = {2},
	PAGES= {201--209},
	MONTH = Jul
}

@ARTICLE{price:sgml,
	AUTHOR = {Lynne A. Price},
	TITLE = {SGML and {\TeX}},
	JOURNAL = {TUGboat},
	YEAR = {1987},
	VOLUME = {8},
	NUMBER = {2},
	PAGES= {221--225},
	MONTH = Jul
}

@ARTICLE{saito:jtex,
	AUTHOR = {Yasuki Saito},
	TITLE = {Report on {J\TeX}: A {Japanese \TeX}},
	JOURNAL = {TUGboat},
	YEAR = {1987},
	VOLUME = {8},
	NUMBER = {2},
	PAGES= {103--116},
	MONTH = Jul
}

@ARTICLE{bohn:wnhia,
	AUTHOR = {Lawrence Bohn and David Weinberger},
	TITLE = {Why Not Have It All},
	JOURNAL = {UNIX Review},
	YEAR = {1987},
	VOLUME = {5},
	NUMBER = {7},
	PAGES = {29--34},
	MONTH = Jul
}

@MANUAL{ventura:1.1,
	TITLE = {Ventura Publisher --- Professional Publishing Program,
		 Reference Guide, version 1.1},
	ORGANIZATION = {Ventura Software, Inc.},
	ADDRESS = {Salinas, California},
	MONTH = Jul,
	YEAR = {1987}
}

@BOOK{traub:ibc,
	AUTHOR = {J. F. Traub and G. W. Wasilkowski and H. Wo\'zniakowski},
	TITLE = {Information-Based Complexity},
	PUBLISHER = {Academic Press},
	YEAR = {1988},
	ADDRESS = {New York, New York}
}

@MANUAL{apple:mw,
	TITLE = {MacWrite Manual},
	ORGANIZATION = {Apple Computers, Inc.},
	ADDRESS = {Cupertino, California},
	YEAR = {1983}
}

@MANUAL{at:pub,
	TITLE = {ArborText Publisher Manual},
	ORGANIZATION = {ArborText Incorporated},
	ADDRESS = {Ann Arbor, Michigan},
	YEAR = {1987}
}

%%%%%%%%%
% Diamond
%%%%%%%%%

@INPROCEEDINGS{crowley:diamond,
	AUTHOR = {Terrence R. Crowley and Harry C. Forsdick and
		  Matt Landau and Virginia M. Travers },
	TITLE = {The {Diamond} Multimedia Editor},
	BOOKTITLE = U87S,
	YEAR = {1987},
	PAGES = {1--18},
	ADDRESS = PA,
	MONTH = {June 8--12}
}

@INPROCEEDINGS{murrel:wte,
	AUTHOR = {S. L. Murrel and D. DeBaer},
	TITLE = {An Interactive {WYSIWYG} Table Editor},
	BOOKTITLE = U87S,
	YEAR = {1987},
	PAGES = {19--29},
	ADDRESS = PA,
	MONTH = {June 8--12}
}

@INPROCEEDINGS{batchelder:psfig,
	AUTHOR = {Ned Batchelder and Trevor Darrell},
	TITLE = {Psfig -- A {Ditroff} Preprocessor for {PostScript} Figures},
	BOOKTITLE = U87S,
	YEAR = {1987},
	PAGES = {31--42},
	ADDRESS = PA,
	MONTH = {June 8--12}
}

@MANUAL{darrell:psfig,
	TITLE = {Psfig/{\TeX} Users Guide},
	AUTHOR = {Trevor Darrell},
	ORGANIZATION = UP,
	ADDRESS = PPN,
	MONTH = Jul,
	YEAR = {1987},
	NOTE = {Available in the Psfig release}
}

@INPROCEEDINGS{huu:sgml,
	AUTHOR = {Le van Huu},
	TITLE = {An environment for {SGML} Document Preparation},
	BOOKTITLE = U87S,
	YEAR = {1987},
	PAGES = {43--52},
	ADDRESS = PA,
	MONTH = {June 8--12}
}

@ARTICLE{seybold:dpp,
	AUTHOR = {John W. Seybold},
	TITLE = {The Desktop Publishing Phenomenon},
	JOURNAL = B,
	YEAR = {1987},
	VOLUME = {12},
	NUMBER = {5},
	PAGES = {149--153},
	MONTH = May
}

@ARTICLE{barrett:rip,
	AUTHOR = {Jon Barrett and Kirk Reistroffer},
	TITLE = {Designing a Raster Image Processor},
	JOURNAL = B,
	YEAR = {1987},
	VOLUME = {12},
	NUMBER = {5},
	PAGES = {171--180},
	MONTH = May
}

@ARTICLE{pelli:ps,
	AUTHOR = {Dennis G. Pelli},
	TITLE = {Programming in {PostScript}},
	JOURNAL = B,
	YEAR = {1987},
	VOLUME = {12},
	NUMBER = {5},
	PAGES = {185--202},
	MONTH = May
}

@BOOK{holzgang:ps,
	AUTHOR = {David A. Holzgang},
	TITLE = {Understanding {PostScript} Programming},
	PUBLISHER = {SYBEX, Inc.},
	YEAR = {1987},
	ADDRESS = {Alameda, California},
	NOTE = {ISBN 0-89588-396-2}
}

@ARTICLE{goodman:laser,
	AUTHOR = {Danny Goodman},
	TITLE = {The Laser's Edge},
	JOURNAL = {MacWorld},
	YEAR = {1985},
	VOLUME = {2},
	NUMBER = {2},
	PAGES = {70--79},
	MONTH = Feb
}

@ARTICLE{sprague:ps,
	AUTHOR = {Richard Sprague},
	TITLE = {The Language that Talks to Your Printer},
	JOURNAL = {MacWorld},
	YEAR = {1985},
	VOLUME = {2},
	NUMBER = {2},
	PAGES = {106--115},
	MONTH = Feb
}

@TECHREPORT{rogers:bibix,
	AUTHOR = {R. P. C. Rogers and Kenneth Gardels and Anat Finkelshtain},
	TITLE = {{BibIX} -- A Bibliographic Data Base \& Text Formatting System
		 for {UNIX}},
	INSTITUTION = {Laboratory Medicine, University of California},
	YEAR = {1987},
	NUMBER = {CALM/MedIX Technical Report 86-1.2},
	ADDRESS = {San Francisco, California},
	MONTH = Jul
}

@ARTICLE{aho:cr,
	AUTHOR = {Alfred V. Aho and Ravi Sethi},
	TITLE = {Maintaining Cross Refefrences in Manuscripts},
	JOURNAL = SPE,
	YEAR = {1988},
	VOLUME = {18},
	NUMBER = {7},
	PAGES = {1001--1012},
	MONTH = Jul
}

@ARTICLE{coombs:markup,
	AUTHOR = {James H. Coombs and Allen H. Renear and Steven J. DeRose},
	TITLE = {Markup Systems and the Future of Scholarly Text Processing},
	JOURNAL = CACM,
	YEAR = {1987},
	VOLUME = {30},
	NUMBER = {11},
	PAGES = {933--947},
	MONTH = Nov
}

@ARTICLE{mamrak:int,
	AUTHOR = {Sandra A. Mamrak and Michael J. Kaelbling and
		  Charles K. Nicholas and Michael Share},
	TITLE = {A Software Architecture for Supporting the Exchange of
		 Electronic Manuscripts},
	JOURNAL = CACM,
	YEAR = {1987},
	VOLUME = {30},
	NUMBER = {5},
	PAGES = {408--414},
	MONTH = May
}

@ARTICLE{phc:mrdd,
	AUTHOR = {Pehong Chen and Michael A. Harrison},
	TITLE = {Multiple Representation Document Development},
	JOURNAL = C,
	YEAR = {1988},
	VOLUME = {21},
	NUMBER = {1},
	PAGES = {15--31},
	MONTH = Jan
}

@INPROCEEDINGS{phc:mrdde,
	AUTHOR = {Pehong Chen and Michael A. Harrison},
	TITLE = {Multiple Representation Document Development: Extended Abstract},
	BOOKTITLE = {Proc. of the 21st Hawaii International Conference on
		     System Sciences},
	YEAR = {1988},
	PAGES = {327--336},
	ADDRESS = {Kailua-Kona, Hawaii},
	MONTH = {Jan 5--8},
	NOTE = {The full paper appears in {\it IEEE Computer}, 21(1):15--31,
		Jan. 1988}
}

@ARTICLE{johnson:style,
	AUTHOR = {Jeff Johnson and Richard J. Beach},
	TITLE = {Styles in Document Editing Systems},
	JOURNAL = C,
	YEAR = {1987},
	VOLUME = {21},
	NUMBER = {1},
	PAGES = {32--43},
	MONTH = Jan
}

@ARTICLE{walker:concordia,
	AUTHOR = {Janet H. Walker},
	TITLE = {Supporting Document Development with {Concordia}},
	JOURNAL = C,
	YEAR = {1987},
	VOLUME = {21},
	NUMBER = {1},
	PAGES = {48--59},
	MONTH = Jan
}

@ARTICLE{schlichter:foliopub,
	AUTHOR = {Johann H. Schlichter and Leslie Jill Miller},
	TITLE = {{FolioPub}: A Publication Management System},
	JOURNAL = C,
	YEAR = {1987},
	VOLUME = {21},
	NUMBER = {1},
	PAGES = {61--69},
	MONTH = Jan
}

@ARTICLE{cesar:sight,
	AUTHOR = {{C. Cesar et al}},
	TITLE = {{Sight}: A Tool for Building Multimedia Structured-Document
		 Interactive Editing and Formatting Applications},
	JOURNAL = TOIS,
	YEAR = {1988},
	VOLUME = {6},
	NUMBER = {1},
	PAGES = {??--??},
	MONTH = Jan
}

@INPROCEEDINGS{goguen:osa,
	AUTHOR = {Joseph A. Goguen and Jos{\'e} Meseguer},
	TITLE = {Order-sorted Algebra Solves the Contructor-Selector,
		 Multiple Representation and Coercion Problems},
	BOOKTITLE = {Proc. 1987 III Symposium on Logic in Computer Science},
	YEAR = {1987}
}

@ARTICLE{brailsford:epcs,
	AUTHOR = {David F. Brailsford},
	TITLE = {Electronic Publishing and Computer Science},
	JOURNAL = EP,
	YEAR = {1988},
	VOLUME = {0},
	PAGES = {13--21},
	MONTH = Jan,
	NOTE = {Pilot issue}
}

@ARTICLE{lippman:cwp,
	AUTHOR = {A. Lippman and W. Bender and G. Salomon and M. Saito},
	TITLE = {Color Word Peocessing},
	JOURNAL = CGA,
	YEAR = {1985},
	VOLUME = {5},
	NUMBER = {3},
	PAGES = {41--46},
	MONTH = Jun
}

@INPROCEEDINGS{furuta:sdmr,
	AUTHOR = {Richard K. Furuta},
	TITLE = {Structured Document Models and Representation},
	BOOKTITLE = TPRO4,
	YEAR = {1987},
	PAGES = {1--14},
	ADDRESS = BM,
	MONTH = Oct
}

@INPROCEEDINGS{loh:cp,
	AUTHOR = {Shiu-Chang Loh},
	TITLE = {The Design of An Input System for Ideographic Language
		 Processing and Chinese Language Processing},
	BOOKTITLE = TPRO4,
	YEAR = {1987},
	PAGES = {15--29},
	ADDRESS = BM,
	MONTH = Oct
}

@INPROCEEDINGS{mackay:tex,
	AUTHOR = {Pierre A. MacKay},
	TITLE = {Taking Control of {\TeX}},
	BOOKTITLE = TPRO4,
	YEAR = {1987},
	PAGES = {30--37},
	ADDRESS = BM,
	MONTH = Oct
}

@INPROCEEDINGS{nanard:imsd,
	AUTHOR = {Marc Nanard and Jocelyne Nanard},
	TITLE = {Interactive Manipulation of Structured Documents},
	BOOKTITLE = TPRO4,
	YEAR = {1987},
	PAGES = {38--51},
	ADDRESS = BM,
	MONTH = Oct
}

@MISC{schelter:infor,
	AUTHOR = {William F. Schelter},
	TITLE = {Sample {\INFOR} Display},
	HOWPUBLISHED = {Unpublished manuscript},
	YEAR = {1987}
}

@INPROCEEDINGS{trimberger:sam,
	AUTHOR = {Stephen Trimberger},
	TITLE = {Combining Graphics and A Layout Language in a Single
		 Interactive System},
	BOOKTITLE = {Proc. of the 18th Design Automation Conference},
	YEAR = {1981},
	PAGES = {234--239},
	ADDRESS = {Nashville, Tennessee},
	MONTH = Jun
}

@MISC{phc:inc,
	AUTHOR = {Pehong Chen and Michael A. Harrison and Ikuo Minakata},
	TITLE = {Incremental Document Formatting},
	HOWPUBLISHED = {Submitted for publication}
}

@MISC{phc:ibm,
	AUTHOR = {Pehong Chen and Michael A. Harrison and Ethan V. Munson},
	TITLE = {Enhancements to Integrated Bibliography Management},
	HOWPUBLISHED = {Submitted for publication}
}
